<collection xmlns="http://www.loc.gov/MARC21/slim"><record><leader>00830nam  2200265   450</leader><controlfield tag="001">744</controlfield><controlfield tag="003">http://montalegre.opacnet.com/OPAC/default.aspx?ContentAreaControl=ShowRegHoldings.ascx&amp;RegNo=16662</controlfield><datafield tag="021" ind1=" " ind2=" "><subfield code="a">PT</subfield><subfield code="b">74161/94</subfield></datafield><datafield tag="095" ind1=" " ind2=" "><subfield code="a">PTBN00963407</subfield></datafield><datafield tag="100" ind1=" " ind2=" "><subfield code="a">19980304d1994    m  y0pory010305  ba</subfield></datafield><datafield tag="101" ind1="1" ind2=" "><subfield code="a">por</subfield><subfield code="c">che</subfield></datafield><datafield tag="102" ind1=" " ind2=" "><subfield code="a">PT</subfield></datafield><datafield tag="105" ind1=" " ind2=" "><subfield code="a">y   z   001yy</subfield></datafield><datafield tag="106" ind1=" " ind2=" "><subfield code="a">r</subfield></datafield><datafield tag="200" ind1="1" ind2=" "><subfield code="a">&lt;A &gt;insustentável leveza do ser</subfield><subfield code="f">Milan Kundera</subfield><subfield code="g">trad. Joana Varela</subfield></datafield><datafield tag="205" ind1=" " ind2=" "><subfield code="a">17ª ed</subfield></datafield><datafield tag="210" ind1=" " ind2=" "><subfield code="a">Lisboa</subfield><subfield code="c">Dom Quixote</subfield><subfield code="d">1994</subfield></datafield><datafield tag="215" ind1=" " ind2=" "><subfield code="a">364 p.</subfield><subfield code="d">24 cm</subfield></datafield><datafield tag="225" ind1="2" ind2=" "><subfield code="a">Ficção universal</subfield><subfield code="v">3</subfield></datafield><datafield tag="304" ind1=" " ind2=" "><subfield code="a">Tít. orig.: Nesnesitelná lehkost bytí</subfield></datafield><datafield tag="675" ind1=" " ind2=" "><subfield code="a">821.162.3-31"19"</subfield><subfield code="v">BN</subfield><subfield code="z">por</subfield></datafield><datafield tag="700" ind1=" " ind2="1"><subfield code="a">Kundera</subfield><subfield code="b">Milan</subfield><subfield code="f">1929-</subfield></datafield><datafield tag="702" ind1=" " ind2="1"><subfield code="a">Varela</subfield><subfield code="b">Joana</subfield><subfield code="4">730</subfield></datafield><datafield tag="801" ind1=" " ind2="0"><subfield code="a">PT</subfield><subfield code="b">Biblioteca Municipal de Montalegre</subfield><subfield code="g">RPC</subfield></datafield><datafield tag="856" ind1=" " ind2=" "><subfield code="u">locateMedia.asp?cod=20060619162457&amp;ext=jpg</subfield><subfield code="z">CAPA</subfield></datafield><datafield tag="909" ind1="&#9;" ind2=" "><subfield code="a">1</subfield></datafield><datafield tag="966" ind1=" " ind2=" "><subfield code="a">0008704</subfield><subfield code="l">BMM</subfield><subfield code="s">SCG 821 KUN ins 3</subfield></datafield></record></collection>